@book{chenxiru, 
author="陈希孺", 
year="2009", 
title="概率论与数理统计", 
publisher ="中国科学技术大学出版社" 
}